@book{horn_johnson_2013,
    title={Matrix analysis},
    publisher={Cambridge University Press},
    author={Horn, Roger A. and Johnson, Charles R.}, 
    year={2013}
}

