%% This BibTeX bibliography file was created using BibDesk.
%% http://bibdesk.sourceforge.net/


%% Created for Pranshu Gaba at 2017-12-05 01:40:52 +0530 


%% Saved with string encoding Unicode (UTF-8) 



@article{revisited,
	Author = {Petre Stoica and Randolph L. Moses},
	Date-Added = {2017-12-04 19:55:41 +0000},
	Date-Modified = {2017-12-04 20:02:18 +0000},
	Journal = {Signal Processing},
	Pages = {95-118},
	Title = {{On the unit circle problem: The Schur-Cohn procedure revisited}},
	Year = {1992}}

@article{zero_loc_herm,
	Author = {Vlastimil Ptak and N. J. Young},
	Date-Added = {2017-12-04 19:53:20 +0000},
	Date-Modified = {2017-12-04 20:02:13 +0000},
	Journal = {Linear Algebrea and its Applications},
	Pages = {181-196},
	Title = {{Zero Location by Hermitian Forms: The Singular Case}},
	Volume = {43},
	Year = {1982}}

@article{zero_loc_schur_cohn,
	Author = {Vlastimil Ptak and N. J. Young},
	Date-Added = {2017-12-04 19:41:25 +0000},
	Date-Modified = {2017-12-04 20:02:32 +0000},
	Journal = {IEEE Transactions on Automatic Control},
	Month = {October},
	Pages = {978-980},
	Title = {{A Generalization of the Zero Location Theorem of Schur and Cohn}},
	Year = {1980}}

@book{horn_johnson,
	Author = {Horn, Roger A. and Johnson, Charles R.},
	Date-Added = {2017-12-04 19:30:03 +0000},
	Date-Modified = {2017-12-04 19:32:42 +0000},
	Publisher = {Cambridge University Press},
	Title = {Matrix analysis},
	Year = {2013}}
